@BOOK{Sipser12,
  AUTHOR =       "Michael Sipser",
  TITLE =        "Introduction to the Theory of Computation (third edition)",
  PUBLISHER =    "Publisher: Cengage Learning",
  YEAR =         "2012"
}
@BOOK{Kelley95,
  AUTHOR =       "Dean Kelley",
  TITLE =        "Teoría de Autómatas y Lenguajes Formales",
  PUBLISHER =    "Prentice Hall",
  YEAR =         "1995"
}
 @BOOK{Hopcroft08,
  AUTHOR =       "John E. Hopcroft and Jeffrey D. Ullman",
  TITLE =        "Introducción a la Teoría de Autómatas, Lenguajes y Computación",
  PUBLISHER =    "Pearson Educacion",
  YEAR =         "2008"
}
@BOOK{Brookshear93,
  AUTHOR =       "J. Glenn Brookshear",
  TITLE =        "Teoría de la Computación",
  PUBLISHER =    "Addison Wesley Iberoamericana",
  YEAR =         "1993"
  }

